
@book{vale2020,
	title = {Análise de Insumo-Produto: teoria e aplicações no R},
	author = {Vale, {Vinícius de Almeida}},
	year = {2020},
	month = {10},
	date = {2020-10-05},
	publisher = {Vinicius de Almeida Vale},
	langid = {brazilian}
}

@software{miranda_fio_2024,
	title = {fio package},
	url = {https://github.com/albersonmiranda/fio},
	abstract = {Friendly \& Fast Input-Output Matrix Analysis in R, written in Rust.},
	author = {Miranda, Alberson},
	urldate = {2024-06-23},
	date = {2024-06-23},
	note = {original-date: 2024-05-15T02:24:44Z},
	keywords = {economics},
}
